
@misc{MININET,
  title = {{{MININET}}},
  journal = {Open Networking Foundation},
  abstract = {Mininet provides a virtual test bed and development environment for software-defined networks (SDN). Mininet enables SDN development on any laptop or PC, and SDN designs can move seamlessly between Mininet (allowing inexpensive and streamlined development), and the real hardware running at line rate in live deployments. Mininet enables Rapid prototyping of software-defined networks Complex topology [\ldots ]},
  langid = {american},
  file = {/home/dimdakis/Zotero/storage/PZXGIDQN/mininet.html}
}

@misc{repoPOX2022,
  title = {{{POX}}},
  author = {Repo, N. O. X.},
  year = {2022},
  month = jan,
  abstract = {The POX network software platform},
  copyright = {Apache-2.0}
}

@misc{SoftwareDefinedNetworkingSDN,
  title = {Software-{{Defined Networking}} ({{SDN}}) {{Definition}}},
  journal = {Open Networking Foundation},
  abstract = {SDN architecture enables the network control to become directly programmable and the underlying infrastructure to be abstracted for applications and network services.},
  langid = {american},
  file = {/home/dimdakis/Zotero/storage/MWDCFFLE/sdn-definition.html}
}


