%!TEX program = bibtex
%!TEX root = main.tex

@article{LeCun2015Deep,
  title = {Deep Learning},
  author = {LeCun, Yann and Bengio, Yoshua and Hinton, Geoffrey},
  year = {2015},
  month = may,
  journal = {Nature},
  volume = {521},
  number = {7553},
  pages = {436--444},
  issn = {0028-0836},
  doi = {10.1038/nature14539}
}

@book{ToeroeM2012,
    title = {Service Availability: Principles and Practice},
    author= {Toeroe M, Tam F},
    year = {2012},
    publisher = {John Wiley \& Sons},
    url = {http://www.wiley.com/WileyCDA/WileyTitle/productCd-1119954088.html}
    }
    
@article{dKirk2016,
    title = { Google: 53\% of mobile users abandon sites that take over 3 seconds to load},
    journal = {Debezium},
    author = { David Kirkpatrick},
    year = {2016},
    url = {https://www.marketingdive.com/news/google-53-of-mobile-users-abandon-sites-that-take-over-3-seconds-to-load/426070/}
    }