
@misc{ApacheKafka,
  title = {Apache {{Kafka}}},
  journal = {Apache Kafka},
  abstract = {Apache Kafka: A Distributed Streaming Platform.},
  howpublished = {https://kafka.apache.org/documentation/},
  langid = {english},
  file = {/home/dimdakis/Zotero/storage/RJWJFNSN/documentation.html}
}

@misc{ApacheKafkaa,
  title = {Apache {{Kafka}}},
  journal = {Apache Kafka},
  abstract = {Apache Kafka: A Distributed Streaming Platform.},
  howpublished = {https://kafka.apache.org/},
  langid = {english},
  file = {/home/dimdakis/Zotero/storage/GILUXG2E/kafka.apache.org.html}
}

@misc{BestCDCTools,
  title = {The 7 {{Best CDC Tools}} ({{Change Data Capture}}) - {{Learn}} | {{Hevo}}},
  howpublished = {https://hevodata.com/learn/7-best-cdc-tools/}
}

@misc{ConnectorsDebeziumDocumentation,
  title = {Connectors :: Debezium {{Documentation}}},
  howpublished = {https://debezium.io/documentation/reference/stable/connectors/index.html},
  file = {/home/dimdakis/Zotero/storage/8VC4E2Y4/index.html}
}

@misc{DD5D5V08elb,
  title = {{{DD5D5V08elb}}},
  howpublished = {https://link.medium.com/DD5D5V08elb}
}

@misc{DebeziumArchitectureDebezium,
  title = {Debezium {{Architecture}} :: Debezium {{Documentation}}},
  howpublished = {https://debezium.io/documentation/reference/architecture.html},
  file = {/home/dimdakis/Zotero/storage/VE2SE9E7/architecture.html}
}

@misc{debeziumcommunityDebezium,
  title = {Debezium},
  author = {{Debezium Community}},
  journal = {Debezium},
  abstract = {Debezium is an open source distributed platform for change data capture. Start it up, point it at your databases, and your apps can start responding to all of the inserts, updates, and deletes that other apps commit to your databases. Debezium is durable and fast, so your apps can respond quickly and never miss an event, even when things go wrong.},
  howpublished = {https://debezium.io/},
  file = {/home/dimdakis/Zotero/storage/GFF7BNDQ/debezium.io.html}
}

@misc{DockercomposeCreateDb,
  title = {Docker-Compose and Create Db in {{Postgres}} on Init},
  journal = {Stack Overflow},
  howpublished = {https://stackoverflow.com/questions/59715622/docker-compose-and-create-db-in-postgres-on-init},
  file = {/home/dimdakis/Zotero/storage/FYAYL49B/docker-compose-and-create-db-in-postgres-on-init.html}
}

@misc{DockerimagesPostgres13,
  title = {Docker-Images/Postgres/13 at Main {$\cdot$} Debezium/Docker-Images},
  journal = {GitHub},
  abstract = {Docker images for Debezium. Please log issues in our JIRA at https://issues.redhat.com/projects/DBZ/summary - docker-images/postgres/13 at main {$\cdot$} debezium/docker-images},
  howpublished = {https://github.com/debezium/docker-images},
  langid = {english},
  file = {/home/dimdakis/Zotero/storage/FCR52T2E/13.html}
}

@misc{DockerimagesPostgresMain,
  title = {Docker-Images/Postgres/9.6 at Main {$\cdot$} Debezium/Docker-Images},
  journal = {GitHub},
  abstract = {Docker images for Debezium. Please log issues in our JIRA at https://issues.redhat.com/projects/DBZ/summary - docker-images/postgres/9.6 at main {$\cdot$} debezium/docker-images},
  howpublished = {https://github.com/debezium/docker-images},
  langid = {english},
  file = {/home/dimdakis/Zotero/storage/VS2MZTN9/9.html}
}

@misc{GOCDCPostgres,
  title = {{{GOCDC}} and {{Postgres}}},
  howpublished = {https://dev.to/thiagosilvaf/gocdc-and-postgres-1m4m}
}

@misc{GorillaMux2021,
  title = {Gorilla/Mux},
  year = {2021},
  month = oct,
  abstract = {A powerful HTTP router and URL matcher for building Go web servers with ü¶ç},
  copyright = {BSD-3-Clause},
  howpublished = {Gorilla Web Toolkit},
  keywords = {go,gorilla,http,middleware,mux,router}
}

@misc{Helm,
  title = {Helm},
  abstract = {Helm - The Kubernetes Package Manager.},
  howpublished = {https://helm.sh/},
  langid = {american},
  file = {/home/dimdakis/Zotero/storage/LQN9LERF/helm.sh.html}
}

@misc{HowIntegrateKafka,
  title = {How to Integrate {{Kafka}} with {{Istio}} on {{OpenShift}}},
  howpublished = {https://labs.consol.de/development/2021/02/02/istio\_and\_kafka\_on\_openshift.html}
}

@misc{HowUseChange,
  title = {How to Use {{Change Data Capture}} ({{CDC}}) with {{Postgres}}},
  howpublished = {https://dev.to/thiagosilvaf/how-to-use-change-database-capture-cdc-in-postgres-37b8}
}

@misc{KafkaConnectConfluent,
  title = {Kafka {{Connect}} | {{Confluent Documentation}}},
  howpublished = {https://docs.confluent.io/platform/current/connect/index.html},
  file = {/home/dimdakis/Zotero/storage/S7T2ZSPI/index.html}
}

@misc{kamaniImplementingKafkaProducer,
  title = {Implementing a {{Kafka Producer}} and {{Consumer In Golang}} ({{With Full Examples}}) {{For Production}}},
  author = {Kamani, Soham},
  howpublished = {https://www.sohamkamani.com/golang/working-with-kafka/}
}

@misc{KubernetesOperatorStateful2021,
  title = {Kubernetes {{Operator}} | {{Stateful Kubernetes Application}}},
  year = {2021},
  month = may,
  journal = {Cloud Training Program},
  abstract = {Kubernetes Operator are a replacement of the engineers who are responsible to operate the system. It has knowledge about the current and the desired state.},
  howpublished = {https://k21academy.com/docker-kubernetes/kubernetes-operator/},
  langid = {american},
  file = {/home/dimdakis/Zotero/storage/ZRC7M3VZ/kubernetes-operator.html}
}

@misc{LessonsLearnedRunning,
  title = {Lessons {{Learned}} from {{Running Debezium}} with {{PostgreSQL}} on {{Amazon RDS}}},
  howpublished = {https://debezium.io/blog/2020/02/25/lessons-learned-running-debezium-with-postgresql-on-rds/}
}

@misc{LogicalDecodingOutput,
  title = {Logical {{Decoding Output Plug}}-in {{Installation}} for {{PostgreSQL}} :: Debezium {{Documentation}}},
  howpublished = {https://debezium.io/documentation/reference/postgres-plugins.html},
  file = {/home/dimdakis/Zotero/storage/AP3XHUXI/postgres-plugins.html}
}

@misc{MinikubeStart,
  title = {Minikube Start},
  journal = {minikube},
  abstract = {minikube is local Kubernetes},
  howpublished = {https://minikube.sigs.k8s.io/docs/start/},
  langid = {english},
  file = {/home/dimdakis/Zotero/storage/G46IY2P3/start.html}
}

@misc{OperatorPattern,
  title = {Operator Pattern},
  journal = {Kubernetes},
  abstract = {Operators are software extensions to Kubernetes that make use of custom resources to manage applications and their components. Operators follow Kubernetes principles, notably the control loop. Motivation The Operator pattern aims to capture the key aim of a human operator who is managing a service or set of services. Human operators who look after specific applications and services have deep knowledge of how the system ought to behave, how to deploy it, and how to react if there are problems.},
  chapter = {docs},
  howpublished = {https://kubernetes.io/docs/concepts/extend-kubernetes/operator/},
  langid = {english},
  file = {/home/dimdakis/Zotero/storage/2B974M26/operator.html}
}

@misc{PodKubernetesEngine,
  title = {Pod ~|~ {{Kubernetes Engine Documentation}} ~|~ {{Google Cloud}}},
  howpublished = {https://cloud.google.com/kubernetes-engine/docs/concepts/pod},
  file = {/home/dimdakis/Zotero/storage/MKUX9LLS/pod.html}
}

@misc{PostgreSQLLinuxDownloads,
  title = {{{PostgreSQL}}: Linux Downloads ({{Ubuntu}})},
  howpublished = {https://www.postgresql.org/download/linux/ubuntu/},
  file = {/home/dimdakis/Zotero/storage/UZ6R4S43/ubuntu.html}
}

@misc{ProductionGradeContainerOrchestration,
  title = {Production-{{Grade Container Orchestration}}},
  journal = {Kubernetes},
  abstract = {Production-Grade Container Orchestration},
  howpublished = {https://kubernetes.io/},
  langid = {english},
  file = {/home/dimdakis/Zotero/storage/HVIGLI4Z/kubernetes.io.html}
}

@misc{Secrets,
  title = {Secrets},
  journal = {Kubernetes},
  abstract = {A Secret is an object that contains a small amount of sensitive data such as a password, a token, or a key. Such information might otherwise be put in a Pod specification or in a container image. Using a Secret means that you don't need to include confidential data in your application code. Because Secrets can be created independently of the Pods that use them, there is less risk of the Secret (and its data) being exposed during the workflow of creating, viewing, and editing Pods.},
  chapter = {docs},
  howpublished = {https://kubernetes.io/docs/concepts/configuration/secret/},
  langid = {english},
  file = {/home/dimdakis/Zotero/storage/NGK4PZM8/secret.html}
}

@misc{StrimziDocumentation16,
  title = {Strimzi {{Documentation}} (0.16.2)},
  howpublished = {https://strimzi.io/docs/0.16.2/},
  file = {/home/dimdakis/Zotero/storage/2I5KXDBZ/0.16.2.html}
}

@misc{StrimziQuickStart,
  title = {Strimzi {{Quick Start}} Guide (0.26.0)},
  howpublished = {https://strimzi.io/docs/operators/latest/quickstart.html},
  file = {/home/dimdakis/Zotero/storage/TB2Y3BYQ/quickstart.html}
}

@misc{TipsTricksRunning,
  title = {Tips \& {{Tricks}} for Running {{Strimzi}} with Kubectl},
  howpublished = {https://strimzi.io/blog/2020/07/22/tips-and-tricks-for-running-strimzi-with-kubectl/},
  file = {/home/dimdakis/Zotero/storage/I9CTCBJW/tips-and-tricks-for-running-strimzi-with-kubectl.html}
}

@misc{UsingHelm,
  title = {Using {{Helm}}},
  howpublished = {https://helm.sh/docs/intro/using\_helm/}
}

@misc{UsingStrimzi,
  title = {Using {{Strimzi}}},
  howpublished = {https://strimzi.io/docs/operators/latest/full/using.html}
}

@misc{velichkoHowGraspContainers,
  title = {How to {{Grasp Containers}} - {{Efficient Learning Path}} - {{Ivan Velichko}}},
  author = {Velichko, Ivan},
  howpublished = {https://iximiuz.com/en/posts/container-learning-path/}
}

@misc{WhatKubernetesOperator,
  title = {What Is a {{Kubernetes}} Operator?},
  abstract = {A Kubernetes operator is a method of packaging, deploying, and managing an application by extending the functionality of the Kubernetes API.},
  howpublished = {https://www.redhat.com/en/topics/containers/what-is-a-kubernetes-operator},
  langid = {english},
  file = {/home/dimdakis/Zotero/storage/IY5I3P4X/what-is-a-kubernetes-operator.html}
}

@misc{WhatMakefileHow,
  title = {What Is a {{Makefile}} and How Does It Work?},
  howpublished = {https://opensource.com/article/18/8/what-how-makefile}
}

@misc{WhatZookeeperWhy,
  title = {What Is {{Zookeeper}} and Why Is It Needed for {{Apache Kafka}}? - {{CloudKarafka}}, {{Apache Kafka Message}} Streaming as a {{Service}}},
  shorttitle = {What Is {{Zookeeper}} and Why Is It Needed for {{Apache Kafka}}?},
  abstract = {Are you using Apache Kafka to build message streaming services? Then you might have run into the expression Zookeeper. To us at CloudKarafka, as a Apache Kafka hosting service, it's important that our users understand what Zookeeper is and how it integrates with Kafka.},
  howpublished = {https://www.cloudkarafka.com/blog/cloudkarafka-what-is-zookeeper.html},
  langid = {english},
  file = {/home/dimdakis/Zotero/storage/2BX7YJYB/cloudkarafka-what-is-zookeeper.html}
}


