
@misc{guhaHowUseAnsible2020,
  title = {How to Use {{Ansible AWS EC2 Plugin}} to Create {{Dynamic Inventory}}},
  author = {Guha, Rakesh},
  year = {2020},
  month = apr,
  journal = {Medium},
  abstract = {If you are someone who uses Ansible to manage AWS EC2 instances on a daily basis, then you must have heard about Dynamic Inventories\ldots},
  langid = {english},
  file = {/home/dimdakis/Zotero/storage/K5L5BMTR/how-to-use-ansible-aws-ec2-plugin-to-create-dynamic-inventory-7098553d160.html}
}

@misc{HowSetupAnsible2021,
  title = {How {{To Setup Ansible AWS Dynamic Inventory}}},
  year = {2021},
  month = jul,
  abstract = {In this tutorial, you will learn how to setup an Ansible aws dynamic inventory using boto and the python script for easy inventory management.},
  chapter = {ANSIBLE},
  howpublished = {https://devopscube.com/setup-ansible-aws-dynamic-inventory/},
  langid = {american},
  file = {/home/dimdakis/Zotero/storage/T3JDQGMY/setup-ansible-aws-dynamic-inventory.html}
}

@misc{jainMostSimplifiedIntegration2021,
  title = {The {{Most Simplified Integration}} of {{Ansible}} and {{Terraform}}},
  author = {Jain, Isha},
  year = {2021},
  month = may,
  journal = {Geek Culture},
  abstract = {Hola everyone! I am back with another demonstration to integrate different tools in the most simplified and elaborate manner.},
  langid = {english},
  file = {/home/dimdakis/Zotero/storage/6J3TEF98/the-most-simplified-integration-of-ansible-and-terraform-49f130b9fc8.html}
}

@misc{lakheraAWSIAMEC22018,
  title = {{{AWS IAM EC2 Instance Role}} Using {{Terraform}}},
  author = {Lakhera, Prashant},
  year = {2018},
  month = dec,
  journal = {Medium},
  abstract = {IAM Roles are used to granting the application access to AWS Services without using permanent credentials.},
  langid = {english},
  file = {/home/dimdakis/Zotero/storage/S9WXJ5YS/aws-iam-ec2-instance-role-using-terraform-fa2b21488536.html}
}

@misc{patelAWSDifferenceInternet2021,
  title = {{{AWS}} \textemdash{} {{Difference}} between {{Internet}} Gateway and {{NAT}} Gateway},
  author = {Patel, Ashish},
  year = {2021},
  month = dec,
  journal = {Awesome Cloud},
  abstract = {Internet gateway vs NAT gateway in AWS},
  langid = {english},
  file = {/home/dimdakis/Zotero/storage/XLJF6UBL/aws-vpc-difference-between-internet-gateway-and-nat-gateway-c9177e710af6.html}
}

@misc{simoninLearningAnsibleAWS2021,
  title = {Learning the {{Ansible AWS EC2 Dynamic Inventory Plugin}}},
  author = {Simonin, Brad},
  year = {2021},
  month = jan,
  journal = {Medium},
  abstract = {For those learning and using Ansible this is a quick document on how to setup and use the Ansible dynamic inventory plugin for AWS EC2\ldots},
  howpublished = {https://faun.pub/learning-the-ansible-aws-ec2-dynamic-inventory-plugin-59dd6a929c7f},
  langid = {english},
  file = {/home/dimdakis/Zotero/storage/GJQPVU83/learning-the-ansible-aws-ec2-dynamic-inventory-plugin-59dd6a929c7f.html}
}


